@book{cas,
        author = {Cas Cremers and Sjouke Mauw},
        title = {Operational Semantics and Verification of Protocols},
        year = {2012}
}
